@misc{rfc707,
	author="J.E. White",
	title="{High-level framework for network-based resource sharing}",
	series="Request for Comments",
	number="707",
	howpublished="RFC 707",
	publisher="IETF",
	organization="Internet Engineering Task Force",
	year=1975,
	month=dec,
	note="\url{http://www.ietf.org/rfc/rfc707.txt}",
}

@misc{rfc1057,
	author="Sun Microsystems",
	title="{RPC: Remote Procedure Call Protocol specification: Version 2}",
	series="Request for Comments",
	number="1057",
	howpublished="RFC 1057 (Informational)",
	publisher="IETF",
	organization="Internet Engineering Task Force",
	year=1988,
	month=jun,
    note="\url{http://www.ietf.org/rfc/rfc1057.txt}",
}

@misc{rfc1831,
	author="R. Srinivasan",
	title="{RPC: Remote Procedure Call Protocol Specification Version 2}",
	series="Request for Comments",
	number="1831",
	howpublished="RFC 1831 (Proposed Standard)",
	publisher="IETF",
	organization="Internet Engineering Task Force",
	year=1995,
	month=aug,
	note="\url{http://www.ietf.org/rfc/rfc1831.txt}",
}

@misc{rfc2616,
	author="R. Fielding and J. Gettys and J. Mogul and H. Frystyk and L. Masinter and P. Leach and T. Berners-Lee",
	title="{Hypertext Transfer Protocol -- HTTP/1.1}",
	series="Request for Comments",
	number="2616",
	howpublished="RFC 2616 (Draft Standard)",
	publisher="IETF",
	organization="Internet Engineering Task Force",
	year=1999,
	month=jun,
	note="\url{http://www.ietf.org/rfc/rfc2616.txt}",
}

@misc{rfc3986,
	author="T. Berners-Lee and R. Fielding and L. Masinter",
	title="{Uniform Resource Identifier (URI): Generic Syntax}",
	series="Request for Comments",
	number="3986",
	howpublished="RFC 3986 (Standard)",
	publisher="IETF",
	organization="Internet Engineering Task Force",
	year=2005,
	month=jan,
	note="\url{http://www.ietf.org/rfc/rfc3986.txt}",
}

@misc{rfc4627,
	key="RFC 4627",
	author="D. Crockford",
	title="{The application/json Media Type for JavaScript Object Notation (JSON)}",
	series="Request for Comments",
	number="4627",
	howpublished="RFC 4627 (Informational)",
	publisher="IETF",
	organization="Internet Engineering Task Force",
	year=2006,
	month=jul,
	note="\url{http://www.ietf.org/rfc/rfc4627.txt}",
}

@misc{wiki:cachealgorithms,
   author = "Wikipedia",
   title = "Cache algorithms --- Wikipedia{,} The Free Encyclopedia",
   year = "2010",
   howpublished = "\url{http://en.wikipedia.org/w/index.php?title=Cache_algorithms&oldid=342709946}",
   note = "[Online; Stand 20. Februar 2010]"
}

@misc{wiki:rmi,
   author = "Wikipedia",
   title = "Remote Method Invocation --- Wikipedia{,} Die freie Enzyklop채die",
   year = "2010",
   howpublished = "\url{http://de.wikipedia.org/w/index.php?title=Remote_Method_Invocation&oldid=70184266}",
   note = "[Online; Stand 23. Februar 2010]"
}

 @misc{wiki:jvmlanguages,
   author = "Wikipedia",
   title = "List of JVM languages --- Wikipedia{,} The Free Encyclopedia",
   year = "2010",
   howpublished = "\url{http://en.wikipedia.org/w/index.php?title=List_of_JVM_languages&oldid=342539250}",
   note = "[Online; accessed 28-February-2010]"
 }

 @misc{ wiki:reflection,
   author = "Wikipedia",
   title = "Reflexion (Programmierung) --- Wikipedia{,} Die freie Enzyklop채die",
   year = "2010",
   howpublished = "\url{http://de.wikipedia.org/w/index.php?title=Reflexion_(Programmierung)&oldid=69865549}",
   note = "[Online; Stand 28. Februar 2010]"
 }

 @misc{ wiki:assocarray,
   author = "Wikipedia",
   title = "Associative array --- Wikipedia{,} The Free Encyclopedia",
   year = "2010",
   howpublished = "\url{http://en.wikipedia.org/w/index.php?title=Associative_array&oldid=338560020}",
   note = "[Online; accessed 1-March-2010]"
 }

@misc{ wiki:ormlist,
   author = "Wikipedia",
   title = "List of object-relational mapping software --- Wikipedia{,} The Free Encyclopedia",
   year = "2010",
   howpublished = "\url{http://en.wikipedia.org/w/index.php?title=List_of_object-relational_mapping_software&oldid=347165713}",
   note = "[Online; accessed 1-March-2010]"
 }

 @misc{ wiki:nosql,
   author = "Wikipedia",
   title = "NoSQL --- Wikipedia{,} The Free Encyclopedia",
   year = "2010",
   howpublished = "\url{http://en.wikipedia.org/w/index.php?title=NoSQL&oldid=347311249}",
   note = "[Online; accessed 3-March-2010]"
 }

 @misc{ wiki:jvm,
   author = "Wikipedia",
   title = "Java Virtual Machine --- Wikipedia{,} The Free Encyclopedia",
   year = "2010",
   howpublished = "\url{http://en.wikipedia.org/w/index.php?title=Java_Virtual_Machine&oldid=347523883}",
   note = "[Online; accessed 5-March-2010]"
 }

 @misc{ wiki:ria,
   author = "Wikipedia",
   title = "Rich Internet application --- Wikipedia{,} The Free Encyclopedia",
   year = "2010",
   howpublished = "\url{http://en.wikipedia.org/w/index.php?title=Rich_Internet_application&oldid=348365799}",
   note = "[Online; accessed 8-March-2010]"
 }

 @misc{ wiki:orm,
   author = "Wikipedia",
   title = "Objektrelationale Abbildung --- Wikipedia{,} Die freie Enzyklop채die",
   year = "2009",
   howpublished = "\url{http://de.wikipedia.org/w/index.php?title=Objektrelationale_Abbildung&oldid=64500679}",
   note = "[Online; Stand 7. M채rz 2010]"
 }

@TechReport{jacobs:1999,
	author="Ian Jacobs and David Raggett and Arnaud Le Hors",
	title="{HTML} 4.01 Specification",
	month=dec,
	year="1999",
	bibsource="http://w2.syronex.com/jmr/w3c-biblio",
	type="{W3C} Recommendation",
	institution="W3C",
	howpublished="\url{http://www.w3.org/TR/1999/REC-html401-19991224}",
}

@TechReport{bray:2008,
	author="Tim Bray and Jean Paoli and Eve Maler and Fran\c{c}ois Yergeau and C. M. Sperberg-McQueen",
	title="Extensible Markup Language ({XML}) 1.0 (Fifth Edition)",
	month=nov,
	howpublished="\url{http://www.w3.org/TR/2008/REC-xml-20081126/}",
	year="2008",
	bibsource="http://w2.syronex.com/jmr/w3c-biblio",
	type="{W3C} Recommendation",
	institution="W3C",
}

@TechReport{mcCabe:2004,
  author      = "Francis McCabe and David Booth and Christopher Ferris and David Orchard and Mike Champion and Eric Newcomer and Hugo Haas",
  title       = "Web Services Architecture",
  month       = feb,
  howpublished = "\url{http://www.w3.org/TR/2004/NOTE-ws-arch-20040211/}",
  year        = "2004",
  bibsource   = "http://w2.syronex.com/jmr/w3c-biblio",
  type        = "{W3C} Note",
  institution = "W3C",
}

@Book{iso8879,
	key="ISO 8879",
	author="{ISO}",
	title="{ISO 8879:1986}: {Information} processing --- {Text}
             and office systems --- {Standard Generalized Markup
             Language} ({SGML})",
    publisher="International Organization for Standardization",
  	pages="155",
	day="17",
	month=aug,
	year="1986",
	howpublished="\url{http://www.iso.ch/cate/d16387.html}",
}

@misc{spring:reference,
	author="Rod Johnson and Juergen Hoeller u.a.",
	title="{Spring Framework 3.0 Reference Documentation}",
	version="3.0",
	publisher="SpringSource",
	organization="VMWare",
	year=2009,
	howpublished="\url{http://static.springsource.org/spring/docs/3.0.x/spring-framework-reference/html/}",
}

@misc{spring:security,
	author="Ben Alex and Luke Taylor",
	title="{Spring Security Reference Documentation}",
	publisher="SpringSource",
	organization="VMWare",
	version="3.0.2.RELEASE",
	year=2009,
	howpublished="http://static.springsource.org/spring-security/site/docs/3.0.x/reference/springsecurity.html",
}


@misc{sun:rmi,
	title="{Java Remote Method Invocation Whitepaper}",
	publisher="Sun Microsystems",
	organization="Sun Microsystems",
	howpublished="\url{http://java.sun.com/javase/technologies/core/basic/rmi/whitepaper/index.jsp}",
}

@misc{sun:dao,
	title="{Core J2EE Patterns - Data Access Object}",
	publisher="Sun Microsystems",
	organization="Sun Microsystems",
	year=2002,
	howpublished="\url{http://java.sun.com/blueprints/corej2eepatterns/Patterns/DataAccessObject.html}",
}

@misc{sun:reflection,
  title="{Java Reflection API}",
  version="Java Platform Standard Edition 6",
  publisher="Sun Microsystems",
  organization="Sun Microsystems",
  year=2009,
  howpublished="\url{http://java.sun.com/javase/6/docs/api/java/lang/reflect/package-summary.html}",
}

@book{fowler:2002,
	key="Fowler 2002",
	author="Martin Fowler",
	title="{Patterns of Enterprise Application Architecture}",
	year=2002,
 	isbn="0321127420",
 	publisher="{Addison-Wesley Longman Publishing Co., Inc.}",
	address="{Boston, MA, USA}"
}

@misc{saab:2008,
	key="Saab 2008",
	author="Paul Saab",
	title="{Scaling memcached at Facebook}",
	publisher="Facebook Engineering's Notes",
	organization="Facebook",
	year=2008,
	month=dec,
	howpublished="\url{http://www.facebook.com/note.php?note_id=39391378919}",
}

@misc{hamilton:1997,
	key="Hamilton 1997",
	author="Graham Hamilton",
	title="{JavaBeans specification}",
	version="1.01-A",
	publisher="Sun Microsystems",
	organization="Sun Microsystems",
	year=1997,
	month=aug,
	howpublished="\url{http://java.sun.com/javase/technologies/desktop/javabeans/docs/spec.html}",
}

@misc{brandon:2009,
  author="Tina Brandon",
  title="{SaaS Billing, Cloud Computing Monetization and Recurring Billing Payment Processing}",
  note="SC 1418342",
  publisher="Articlesbase",
  organization="Paynet Secure Payment Processing",
  year=2009,
  month=nov,
  howpublished="\url{http://www.articlesbase.com/finance-articles}",
}

@misc{fowler:2004,
  author="Martin Fowler",
  title="{Inversion of Control Containers and the Dependency Injection pattern}",
  publisher="Martin Fowler",
  organization="ThoughtWorks",
  year=2004,
  month=jan,
  howpublished="\url{http://martinfowler.com/articles/injection.html}",
}

@TechReport{jsr220,
  author="Linda DeMichiel and Michael Keith",
  title="JSR 220: Enterprise JavaBeansTM, Java Persistence API",
  institution="Sun Microsystems",
  year=2006,
  month=may,
  howpublished="\url{http://jcp.org/aboutJava/communityprocess/final/jsr220/index.html}",
}

 @misc{stoyanova:2006,
   author = "Nadezhda Stoyanova",
   title = "Domain Model",
   year = "2006",
   month = dec,
   howpublished = "\url{http://kaul.inf.fh-bonn-rhein-sieg.de/wiki2/index.php?title=Domain_Model&oldid=3253}",
   note = "[Online; Stand 01. M채rz 2010]"
 }

@misc{winer:1999,
  author="Dave Winer",
  title="{XML-RPC Specification}",
  publisher="UserLand Software",
  organization="UserLand Software",
  year=1999,
  month=jun,
  howpublished="\url{http://www.xmlrpc.com/spec}",
}

@misc{henderson:2007,
	author="Bryan Henderson",
	title="{XML-RPC Introspection}",
	organization="Sourceforge",
	year=2007,
	month=nov,
	howpublished="\url{http://xmlrpc-c.sourceforge.net/introspection.html}",
}

@misc{waldo:1994,
    author="Jim Waldo and Geoff Wyant and Ann Wollrath and Sam Kendall",
    publisher="Sun Microsystems Laboratories Inc.",
    organization="Sun Microsystems",
    title="A Note on Distributed Computing",
    year="1994",
    month=nov,
    number="SMLI TR-94-29",
    howpublished="\url{http://research.sun.com/techrep/1994/smli_tr-94-29.pdf}", 
}

@PhdThesis{fielding:2000,
	author="Roy T. Fielding",
	title="Architectural Styles and the Design of Network-based Software Architectures",
	school="University of California, Irvine",
	year=2000,
	note="\url{http://www.ics.uci.edu/~fielding/pubs/dissertation/fielding_dissertation.pdf}",
}

@ARTICLE{fielding:2002,
    address="New York, NY, USA",
    author="Roy T. Fielding and Richard N. Taylor",
    journal="ACM Transactions on Internet Technology",
    month=may,
    number=2,
    pages="115 -- 150",
    publisher="ACM Press",
    title="Principled Design of the Modern Web Architecture",
    volume=2,
    year=2002,
    howpublished="\url{http://www.ics.uci.edu/~taylor/documents/2002-REST-TOIT.pdf}", 
}

@ARTICLE{tilkov:2009,
    address="Frankfurt, Deutschland",
    author="Stefan Tilkov",
    journal="Javamagazin",
    number=1,
    publisher="Software & Support Verlag GmbH",
    title="REST - Der bessere Web Service?",
    pages="74 -- 80",
    year=2009,
   	howpublished="\url{http://it-republik.de/jaxenter/artikel/REST---Der-bessere-Web-Service-2159.html}", 
}

@book{kruth:2004,
	author="Wilhelm Kruth",
	title="IT Grundlagenwissen - Kompaktwissen Informationstechnik f체r Datenschutz- und Security-Management",
	year=2004,
	edition=2,
 	n=3895772623,
	publisher="DATAKONTEXT-FACHVERLAH GmbH",
	address="Frechen, Deutschland",
}

@article{park:2001,
	author="Park, Joon S. and Sandhu, Ravi and Ahn, Gail-Joon",
	title="Role-based access control on the web",
	journal="ACM Trans. Inf. Syst. Secur.",
 	volume=4,
 	number=1,
 	year=2001,
 	pages="37--71",
 	howpublished="\url{http://doi.acm.org/10.1145/383775.383777}",
 	publisher="ACM",
 	address="New York, NY, USA",
 }
 
@book{koenig:2007,
	author="Dierk Koenig and Paul King and Guillaume Laforge and Jon Skeet",
 	title="Groovy in Action",
 	year=2007,
 	isbn=1932394842,
 	publisher="Manning Publications Co.",
	address="Greenwich, CT, USA",
}

@book{gof,
  author = {Erich Gamma and Richard Helm and Ralph E. Johnson and John Vlissides},
  publisher = {Addison-Wesley},
  title = {Design Patterns. Elements of Reusable Object-Oriented Software.},
  year = {1995},
  month = {March}
}